@misc{processor-i5-7200u,
  title        = {Intel® Core™ i5-7200U Processor},
  url          = {https://www.intel.com/content/www/us/en/products/processors/core/i5-processors/i5-7200u.html},
  note         = {(дата обращения: 26.09.2020)}
}

@misc{oauth2,
  author       = {D. Hardt, Ed.},
  title        = {The OAuth 2.0 Authorization Framework},
  url          = {https://datatracker.ietf.org/doc/html/rfc6749},
  note         = {(дата обращения: 26.10.2021)}
}